@incollection{lathkar2023introduction,
  title={Introduction to FastAPI},
  author={Lathkar, Malhar},
  booktitle={High-Performance Web Apps with FastAPI: The Asynchronous Web Framework Based on Modern Python},
  pages={1--28},
  year={2023},
  publisher={Springer}
}
 @article{merkel2014docker,
  title={Docker: lightweight linux containers for consistent development and deployment},
  author={Merkel, Dirk},
  journal={Linux journal},
  volume={2014},
  number={239},
  pages={2},
  year={2014}
}